<?xml version="1.0" encoding="UTF-8"?><collection xmlns="http://www.loc.gov/MARC21/slim"><record><leader>00459nam--2200145-i-4500</leader><controlfield tag="001">000012947</controlfield><controlfield tag="002">20161230</controlfield><controlfield tag="005">20161230201030</controlfield><controlfield tag="008">060222s1000------------r-----000-0-eng-d</controlfield><datafield ind1=" " ind2=" " tag="080"><subfield code="a">576.31(043)</subfield></datafield><datafield ind1=" " ind2=" " tag="100"><subfield code="a">Bohatier, Jaques</subfield></datafield><datafield ind1=" " ind2=" " tag="245"><subfield code="a">Contribution a l`etude de la morphogenese de regeneration chez les psrotozoaires ciles des geneses dileptus et condylostome. these</subfield></datafield><datafield ind1=" " ind2=" " tag="260"><subfield code="a">Paris, Univ. De Clermont-ferrandii, 1978. 6 P</subfield></datafield><datafield ind1=" " ind2=" " tag="490"><subfield code="a">E</subfield></datafield><datafield ind1=" " ind2=" " tag="852"><subfield code="a">46838</subfield></datafield></record></collection>